@ARTICLE{warrenetal1992,
   author = {{Warren}, M.~S. and {Quinn}, P.~J. and {Salmon}, J.~K. and {Zurek}, W.~H.
	},
    title = "{Dark halos formed via dissipationless collapse. I - Shapes and alignment of angular momentum}",
  journal = {\apj},
 keywords = {Angular Momentum, Dark Matter, Gravitational Collapse, Many Body Problem, Computational Astrophysics, Halos},
     year = 1992,
    month = nov,
   volume = 399,
    pages = {405-425},
      doi = {10.1086/171937},
   adsurl = {http://adsabs.harvard.edu/abs/1992ApJ...399..405W},
  adsnote = {Provided by the SAO/NASA Astrophysics Data System}
}

@BOOK{peebles1980,
   author = {{Peebles}, P.~J.~E.},
    title = "{The large-scale structure of the universe}",
 keywords = {Cosmology, Galactic Clusters, Galactic Evolution, Universe, Astronomical Models, Correlation, Mass Distribution, Particle Motion, Relativistic Theory, Statistical Distributions},
booktitle = {Research supported by the National Science Foundation.~Princeton, N.J., Princeton University Press, 1980.~435 p.},
     year = 1980,
   adsurl = {http://adsabs.harvard.edu/abs/1980lssu.book.....P},
  adsnote = {Provided by the SAO/NASA Astrophysics Data System}
}

@ARTICLE{bondymyers1996,
   author = {{Bond}, J.~R. and {Myers}, S.~T.},
    title = "{The Peak-Patch Picture of Cosmic Catalogs. I. Algorithms}",
  journal = {\apjs},
 keywords = {COSMOLOGY: THEORY, GALAXIES: FORMATION, GALAXIES: CLUSTERS: GENERAL, METHODS: NUMERICAL},
     year = 1996,
    month = mar,
   volume = 103,
    pages = {1},
      doi = {10.1086/192267},
   adsurl = {http://adsabs.harvard.edu/abs/1996ApJS..103....1B},
  adsnote = {Provided by the SAO/NASA Astrophysics Data System}
}

@ARTICLE{coorayysheth2002,
   author = {{Cooray}, A. and {Sheth}, R.},
    title = "{Halo models of large scale structure}",
  journal = {\physrep},
   eprint = {astro-ph/0206508},
     year = 2002,
    month = dec,
   volume = 372,
    pages = {1-129},
      doi = {10.1016/S0370-1573(02)00276-4},
   adsurl = {http://adsabs.harvard.edu/abs/2002PhR...372....1C},
  adsnote = {Provided by the SAO/NASA Astrophysics Data System}
}

@ARTICLE{neymanyscott1952				,
   author = {{Neyman}, J. and {Scott}, E.~L.},
    title = "{A Theory of the Spatial Distribution of Galaxies.}",
  journal = {\apj},
     year = 1952,
    month = jul,
   volume = 116,
    pages = {144},
      doi = {10.1086/145599},
   adsurl = {http://adsabs.harvard.edu/abs/1952ApJ...116..144N},
  adsnote = {Provided by the SAO/NASA Astrophysics Data System}
}

@ARTICLE{pazetal2006,
   author = {{Paz}, D.~J. and {Lambas}, D.~G. and {Padilla}, N. and {Merch{\'a}n}, M.
	},
    title = "{Shapes of clusters and groups of galaxies: comparison of model predictions with observations}",
  journal = {\mnras},
   eprint = {astro-ph/0509062},
 keywords = {methods: N-body simulations, galaxies: kinematics and dynamics, cosmology: theory, large-scale structure of Universe},
     year = 2006,
    month = mar,
   volume = 366,
    pages = {1503-1510},
      doi = {10.1111/j.1365-2966.2005.09934.x},
   adsurl = {http://adsabs.harvard.edu/abs/2006MNRAS.366.1503P},
  adsnote = {Provided by the SAO/NASA Astrophysics Data System}
}

@ARTICLE{springeletal2005,
   author = {{Springel}, V.},
    title = "{The cosmological simulation code GADGET-2}",
  journal = {\mnras},
   eprint = {astro-ph/0505010},
 keywords = {methods: numerical, galaxies: interactions, dark matter},
     year = 2005,
    month = dec,
   volume = 364,
    pages = {1105-1134},
      doi = {10.1111/j.1365-2966.2005.09655.x},
   adsurl = {http://adsabs.harvard.edu/abs/2005MNRAS.364.1105S},
  adsnote = {Provided by the SAO/NASA Astrophysics Data System}
}

@ARTICLE{pazetal2008,
   author = {{Paz}, D.~J. and {Stasyszyn}, F. and {Padilla}, N.~D.},
    title = "{Angular momentum-large-scale structure alignments in {$\Lambda$}CDM models and the SDSS}",
  journal = {\mnras},
archivePrefix = "arXiv",
   eprint = {0804.4477},
 keywords = {methods: numerical , methods: statistical , galaxies: formation , large-scale structure of Universe},
     year = 2008,
    month = sep,
   volume = 389,
    pages = {1127-1136},
      doi = {10.1111/j.1365-2966.2008.13655.x},
   adsurl = {http://adsabs.harvard.edu/abs/2008MNRAS.389.1127P},
  adsnote = {Provided by the SAO/NASA Astrophysics Data System}
}

@ARTICLE{aragoncalvoetal2007,
   author = {{Arag{\'o}n-Calvo}, M.~A. and {van de Weygaert}, R. and {Jones}, B.~J.~T. and 
	{van der Hulst}, J.~M.},
    title = "{Spin Alignment of Dark Matter Halos in Filaments and Walls}",
  journal = {\apjl},
   eprint = {astro-ph/0610249},
 keywords = {Galaxy: Formation, Cosmology: Large-Scale Structure of Universe},
     year = 2007,
    month = jan,
   volume = 655,
    pages = {L5-L8},
      doi = {10.1086/511633},
   adsurl = {http://adsabs.harvard.edu/abs/2007ApJ...655L...5A},
  adsnote = {Provided by the SAO/NASA Astrophysics Data System}
}


@ARTICLE{bailinysteinmetz2005,
   author = {{Bailin}, J. and {Steinmetz}, M.},
    title = "{Internal and External Alignment of the Shapes and Angular Momenta of {$\Lambda$}CDM Halos}",
  journal = {\apj},
   eprint = {astro-ph/0408163},
 keywords = {Cosmology: Dark Matter, Galaxies: Clusters: General, Galaxies: Formation, Galaxies: Halos, Galaxies: Structure, Methods: n-Body Simulations},
     year = 2005,
    month = jul,
   volume = 627,
    pages = {647-665},
      doi = {10.1086/430397},
   adsurl = {http://adsabs.harvard.edu/abs/2005ApJ...627..647B},
  adsnote = {Provided by the SAO/NASA Astrophysics Data System}
}

@ARTICLE{barnesyefstathiou1987,
   author = {{Barnes}, J. and {Efstathiou}, G.},
    title = "{Angular momentum from tidal torques}",
  journal = {\apj},
 keywords = {Angular Momentum, Dark Matter, Galactic Clusters, Galactic Evolution, Many Body Problem, Tides, Astronomical Models, Galactic Rotation, White Noise},
     year = 1987,
    month = aug,
   volume = 319,
    pages = {575-600},
      doi = {10.1086/165480},
   adsurl = {http://adsabs.harvard.edu/abs/1987ApJ...319..575B},
  adsnote = {Provided by the SAO/NASA Astrophysics Data System}
}

@ARTICLE{behroozietal2013,
   author = {{Behroozi}, P.~S. and {Loeb}, A. and {Wechsler}, R.~H.},
    title = "{Unbound particles in dark matter halos}",
  journal = {\jcap},
archivePrefix = "arXiv",
   eprint = {1208.0334},
 primaryClass = "astro-ph.CO",
     year = 2013,
    month = jun,
   volume = 6,
      eid = {019},
    pages = {019},
      doi = {10.1088/1475-7516/2013/06/019},
   adsurl = {http://adsabs.harvard.edu/abs/2013JCAP...06..019B},
  adsnote = {Provided by the SAO/NASA Astrophysics Data System}
}

@ARTICLE{behroozietal2013a,
   author = {{Behroozi}, P.~S. and {Wechsler}, R.~H. and {Wu}, H.-Y.},
    title = "{The ROCKSTAR Phase-space Temporal Halo Finder and the Velocity Offsets of Cluster Cores}",
  journal = {\apj},
archivePrefix = "arXiv",
   eprint = {1110.4372},
 primaryClass = "astro-ph.CO",
 keywords = {dark matter, methods: numerical},
     year = 2013,
    month = jan,
   volume = 762,
      eid = {109},
    pages = {109},
      doi = {10.1088/0004-637X/762/2/109},
   adsurl = {http://adsabs.harvard.edu/abs/2013ApJ...762..109B},
  adsnote = {Provided by the SAO/NASA Astrophysics Data System}
}

@ARTICLE{behroozietal2013b,
   author = {{Behroozi}, P.~S. and {Wechsler}, R.~H. and {Wu}, H.-Y. and 
	{Busha}, M.~T. and {Klypin}, A.~A. and {Primack}, J.~R.},
    title = "{Gravitationally Consistent Halo Catalogs and Merger Trees for Precision Cosmology}",
  journal = {\apj},
archivePrefix = "arXiv",
   eprint = {1110.4370},
 primaryClass = "astro-ph.CO",
 keywords = {dark matter, galaxies: abundances, galaxies: evolution, methods: numerical },
     year = 2013,
    month = jan,
   volume = 763,
      eid = {18},
    pages = {18},
      doi = {10.1088/0004-637X/763/1/18},
   adsurl = {http://adsabs.harvard.edu/abs/2013ApJ...763...18B},
  adsnote = {Provided by the SAO/NASA Astrophysics Data System}
}

@ARTICLE{bettetal2007,
   author = {{Bett}, P. and {Eke}, V. and {Frenk}, C.~S. and {Jenkins}, A. and 
	{Helly}, J. and {Navarro}, J.},
    title = "{The spin and shape of dark matter haloes in the Millennium simulation of a {$\Lambda$} cold dark matter universe}",
  journal = {\mnras},
   eprint = {astro-ph/0608607},
 keywords = {methods: N-body simulations, galaxies: haloes, dark matter},
     year = 2007,
    month = mar,
   volume = 376,
    pages = {215-232},
      doi = {10.1111/j.1365-2966.2007.11432.x},
   adsurl = {http://adsabs.harvard.edu/abs/2007MNRAS.376..215B},
  adsnote = {Provided by the SAO/NASA Astrophysics Data System}
}

@ARTICLE{bullocketal2001,
   author = {{Bullock}, J.~S. and {Dekel}, A. and {Kolatt}, T.~S. and {Kravtsov}, A.~V. and 
	{Klypin}, A.~A. and {Porciani}, C. and {Primack}, J.~R.},
    title = "{A Universal Angular Momentum Profile for Galactic Halos}",
  journal = {\apj},
   eprint = {astro-ph/0011001},
 keywords = {Cosmology: Dark Matter, Galaxies: Formation, Galaxies: Halos, Galaxies: Structure},
     year = 2001,
    month = jul,
   volume = 555,
    pages = {240-257},
      doi = {10.1086/321477},
   adsurl = {http://adsabs.harvard.edu/abs/2001ApJ...555..240B},
  adsnote = {Provided by the SAO/NASA Astrophysics Data System}
}

@ARTICLE{codisetal2015,
   author = {{Codis}, S. and {Pichon}, C. and {Pogosyan}, D.},
    title = "{Spin alignments within the cosmic web: a theory of constrained tidal torques near filaments}",
  journal = {\mnras},
archivePrefix = "arXiv",
   eprint = {1504.06073},
 keywords = {galaxies: evolution, galaxies: formation, galaxies: kinematics and dynamics, cosmology: theory, large-scale structure of Universe},
     year = 2015,
    month = oct,
   volume = 452,
    pages = {3369-3393},
      doi = {10.1093/mnras/stv1570},
   adsurl = {http://adsabs.harvard.edu/abs/2015MNRAS.452.3369C},
  adsnote = {Provided by the SAO/NASA Astrophysics Data System}
}

@ARTICLE{doroshkevich1970,
   author = {{Doroshkevich}, A.~G.},
    title = "{The space structure of perturbations and the origin of rotation of galaxies in the theory of fluctuation.}",
  journal = {Astrofizika},
     year = 1970,
   volume = 6,
    pages = {581-600},
   adsurl = {http://adsabs.harvard.edu/abs/1970Afz.....6..581D},
  adsnote = {Provided by the SAO/NASA Astrophysics Data System}
}

@ARTICLE{foreroromeroetal2014,
   author = {{Forero-Romero}, J.~E. and {Contreras}, S. and {Padilla}, N.
	},
    title = "{Cosmic web alignments with the shape, angular momentum and peculiar velocities of dark matter haloes}",
  journal = {\mnras},
archivePrefix = "arXiv",
   eprint = {1406.0508},
 keywords = {methods: numerical, galaxies: haloes, cosmology: theory, dark matter, large-scale structure of Universe},
     year = 2014,
    month = sep,
   volume = 443,
    pages = {1090-1102},
      doi = {10.1093/mnras/stu1150},
   adsurl = {http://adsabs.harvard.edu/abs/2014MNRAS.443.1090F},
  adsnote = {Provided by the SAO/NASA Astrophysics Data System}
}

@ARTICLE{hahnetal2007,
   author = {{Hahn}, O. and {Carollo}, C.~M. and {Porciani}, C. and {Dekel}, A.
	},
    title = "{The evolution of dark matter halo properties in clusters, filaments, sheets and voids}",
  journal = {\mnras},
archivePrefix = "arXiv",
   eprint = {0704.2595},
 keywords = {methods: N-body simulations, galaxies: haloes, cosmology: theory, dark matter, large-scale structure of Universe},
     year = 2007,
    month = oct,
   volume = 381,
    pages = {41-51},
      doi = {10.1111/j.1365-2966.2007.12249.x},
   adsurl = {http://adsabs.harvard.edu/abs/2007MNRAS.381...41H},
  adsnote = {Provided by the SAO/NASA Astrophysics Data System}
}

@ARTICLE{heavensypeacock1988,
   author = {{Heavens}, A. and {Peacock}, J.},
    title = "{Tidal torques and local density maxima}",
  journal = {\mnras},
 keywords = {Galactic Evolution, Mass Distribution, Power Spectra, Space Density, Tides, Torque, Astronomical Models, Cosmology, Density Distribution, Gravitational Collapse, Perturbation Theory},
     year = 1988,
    month = may,
   volume = 232,
    pages = {339-360},
      doi = {10.1093/mnras/232.2.339},
   adsurl = {http://adsabs.harvard.edu/abs/1988MNRAS.232..339H},
  adsnote = {Provided by the SAO/NASA Astrophysics Data System}
}

@ARTICLE{hoffman1986,
   author = {{Hoffman}, Y.},
    title = "{Hierarchical clustering - Angular momentum versus density}",
  journal = {\apj},
 keywords = {Angular Momentum, Cosmology, Galactic Clusters, Galactic Evolution, Space Density, Correlation, Density Distribution, Galactic Structure, Gravitational Collapse, Hierarchies},
     year = 1986,
    month = feb,
   volume = 301,
    pages = {65-69},
      doi = {10.1086/163872},
   adsurl = {http://adsabs.harvard.edu/abs/1986ApJ...301...65H},
  adsnote = {Provided by the SAO/NASA Astrophysics Data System}
}

@ARTICLE{larsonetal2011,
   author = {{Larson}, D. and {Dunkley}, J. and {Hinshaw}, G. and {Komatsu}, E. and 
	{Nolta}, M.~R. and {Bennett}, C.~L. and {Gold}, B. and {Halpern}, M. and 
	{Hill}, R.~S. and {Jarosik}, N. and {Kogut}, A. and {Limon}, M. and 
	{Meyer}, S.~S. and {Odegard}, N. and {Page}, L. and {Smith}, K.~M. and 
	{Spergel}, D.~N. and {Tucker}, G.~S. and {Weiland}, J.~L. and 
	{Wollack}, E. and {Wright}, E.~L.},
    title = "{Seven-year Wilkinson Microwave Anisotropy Probe (WMAP) Observations: Power Spectra and WMAP-derived Parameters}",
  journal = {\apjs},
archivePrefix = "arXiv",
   eprint = {1001.4635},
 primaryClass = "astro-ph.CO",
 keywords = {cosmic background radiation, cosmological parameters, cosmology: observations, dark matter, early universe, space vehicles: instruments},
     year = 2011,
    month = feb,
   volume = 192,
      eid = {16},
    pages = {16},
      doi = {10.1088/0067-0049/192/2/16},
   adsurl = {http://adsabs.harvard.edu/abs/2011ApJS..192...16L},
  adsnote = {Provided by the SAO/NASA Astrophysics Data System}
}

@ARTICLE{leeyerdogdu2007,
   author = {{Lee}, J. and {Erdogdu}, P.},
    title = "{The Alignments of the Galaxy Spins with the Real-Space Tidal Field Reconstructed from the 2MASS Redshift Survey}",
  journal = {\apj},
archivePrefix = "arXiv",
   eprint = {0706.1412},
 keywords = {Galaxies: Structure, Cosmology: Large-Scale Structure of Universe},
     year = 2007,
    month = dec,
   volume = 671,
    pages = {1248-1255},
      doi = {10.1086/523351},
   adsurl = {http://adsabs.harvard.edu/abs/2007ApJ...671.1248L},
  adsnote = {Provided by the SAO/NASA Astrophysics Data System}
}

@ARTICLE{leeypen2000,
   author = {{Lee}, J. and {Pen}, U.-L.},
    title = "{Cosmic Shear from Galaxy Spins}",
  journal = {\apjl},
   eprint = {astro-ph/9911328},
 keywords = {GALAXIES: STATISTICS, COSMOLOGY: LARGE-SCALE STRUCTURE OF UNIVERSE},
     year = 2000,
    month = mar,
   volume = 532,
    pages = {L5-L8},
      doi = {10.1086/312556},
   adsurl = {http://adsabs.harvard.edu/abs/2000ApJ...532L...5L},
  adsnote = {Provided by the SAO/NASA Astrophysics Data System}
}

@ARTICLE{peebles1969,
   author = {{Peebles}, P.~J.~E.},
    title = "{Origin of the Angular Momentum of Galaxies}",
  journal = {\apj},
     year = 1969,
    month = feb,
   volume = 155,
    pages = {393},
      doi = {10.1086/149876},
   adsurl = {http://adsabs.harvard.edu/abs/1969ApJ...155..393P},
  adsnote = {Provided by the SAO/NASA Astrophysics Data System}
}

@ARTICLE{porcianietal2002a,
   author = {{Porciani}, C. and {Dekel}, A. and {Hoffman}, Y.},
    title = "{Testing tidal-torque theory - I. Spin amplitude and direction}",
  journal = {\mnras},
   eprint = {astro-ph/0105123},
 keywords = {galaxies: formation, galaxies: haloes, galaxies: structure, cosmology: theory, dark matter, large-scale structure of Universe},
     year = 2002,
    month = may,
   volume = 332,
    pages = {325-338},
      doi = {10.1046/j.1365-8711.2002.05305.x},
   adsurl = {http://adsabs.harvard.edu/abs/2002MNRAS.332..325P},
  adsnote = {Provided by the SAO/NASA Astrophysics Data System}
}

@ARTICLE{porcianietal2002b,
   author = {{Porciani}, C. and {Dekel}, A. and {Hoffman}, Y.},
    title = "{Testing tidal-torque theory - II. Alignment of inertia and shear and the characteristics of protohaloes}",
  journal = {\mnras},
   eprint = {astro-ph/0105165},
 keywords = {galaxies: formation, galaxies: haloes, galaxies: structure, cosmology: theory, dark matter, large-scale structure of Universe},
     year = 2002,
    month = may,
   volume = 332,
    pages = {339-351},
      doi = {10.1046/j.1365-8711.2002.05306.x},
   adsurl = {http://adsabs.harvard.edu/abs/2002MNRAS.332..339P},
  adsnote = {Provided by the SAO/NASA Astrophysics Data System}
}

@ARTICLE{sugermanetal2000,
   author = {{Sugerman}, B. and {Summers}, F.~J. and {Kamionkowski}, M.},
    title = "{Testing linear-theory predictions of galaxy formation}",
  journal = {\mnras},
   eprint = {astro-ph/9909266},
 keywords = {METHODS: NUMERICAL, GALAXIES: FORMATION, COSMOLOGY: THEORY, DARK MATTER, LARGE-SCALE STRUCTURE OF UNIVERSE},
     year = 2000,
    month = feb,
   volume = 311,
    pages = {762-780},
      doi = {10.1046/j.1365-8711.2000.03107.x},
   adsurl = {http://adsabs.harvard.edu/abs/2000MNRAS.311..762S},
  adsnote = {Provided by the SAO/NASA Astrophysics Data System}
}

@ARTICLE{vitvitskaetal2002,
   author = {{Vitvitska}, M. and {Klypin}, A.~A. and {Kravtsov}, A.~V. and 
	{Wechsler}, R.~H. and {Primack}, J.~R. and {Bullock}, J.~S.},
    title = "{The Origin of Angular Momentum in Dark Matter Halos}",
  journal = {\apj},
   eprint = {astro-ph/0105349},
 keywords = {Cosmology: Theory, Cosmology: Dark Matter, Galaxies: Evolution, Galaxies: Interactions},
     year = 2002,
    month = dec,
   volume = 581,
    pages = {799-809},
      doi = {10.1086/344361},
   adsurl = {http://adsabs.harvard.edu/abs/2002ApJ...581..799V},
  adsnote = {Provided by the SAO/NASA Astrophysics Data System}
}

@ARTICLE{white1984,
   author = {{White}, S.~D.~M.},
    title = "{Angular momentum growth in protogalaxies}",
  journal = {\apj},
 keywords = {Angular Momentum, Computational Astrophysics, Galactic Evolution, Gravitation Theory, Many Body Problem, Perturbation Theory},
     year = 1984,
    month = nov,
   volume = 286,
    pages = {38-41},
      doi = {10.1086/162573},
   adsurl = {http://adsabs.harvard.edu/abs/1984ApJ...286...38W},
  adsnote = {Provided by the SAO/NASA Astrophysics Data System}
}

@ARTICLE{zhangetal2015,
   author = {{Zhang}, Y. and {Yang}, X. and {Wang}, H. and {Wang}, L. and 
	{Luo}, W. and {Mo}, H.~J. and {van den Bosch}, F.~C.},
    title = "{Spin Alignments of Spiral Galaxies within the Large-scale Structure from SDSS DR7}",
  journal = {\apj},
archivePrefix = "arXiv",
   eprint = {1409.7150},
 keywords = {cosmology: observations, large-scale structure of universe, methods: statistical},
     year = 2015,
    month = jan,
   volume = 798,
      eid = {17},
    pages = {17},
      doi = {10.1088/0004-637X/798/1/17},
   adsurl = {http://adsabs.harvard.edu/abs/2015ApJ...798...17Z},
  adsnote = {Provided by the SAO/NASA Astrophysics Data System}
}

@ARTICLE{zeldovich1970,
   author = {{Zel'dovich}, Y.~B.},
    title = "{Gravitational instability: An approximate theory for large density perturbations.}",
  journal = {\aap},
     year = 1970,
    month = mar,
   volume = 5,
    pages = {84-89},
   adsurl = {http://adsabs.harvard.edu/abs/1970A%26A.....5...84Z},
  adsnote = {Provided by the SAO/NASA Astrophysics Data System}
}

@ARTICLE{pazetal2011,
   author = {{Paz}, D.~J. and {Sgr{\'o}}, M.~A. and {Merch{\'a}n}, M. and 
	{Padilla}, N.},
    title = "{Alignments of galaxy group shapes with large-scale structure}",
  journal = {\mnras},
archivePrefix = "arXiv",
   eprint = {1102.2229},
 keywords = {galaxies: groups: general, dark matter, large-scale structure of Universe},
     year = 2011,
    month = jul,
   volume = 414,
    pages = {2029-2039},
      doi = {10.1111/j.1365-2966.2011.18518.x},
   adsurl = {http://adsabs.harvard.edu/abs/2011MNRAS.414.2029P},
  adsnote = {Provided by the SAO/NASA Astrophysics Data System}
}

@ARTICLE{tempelylibeskind2013,
   author = {{Tempel}, E. and {Libeskind}, N.~I.},
    title = "{Galaxy Spin Alignment in Filaments and Sheets: Observational Evidence}",
  journal = {\apjl},
archivePrefix = "arXiv",
   eprint = {1308.2816},
 keywords = {galaxies: formation, galaxies: spiral, large-scale structure of universe, methods: observational, methods: statistical },
     year = 2013,
    month = oct,
   volume = 775,
      eid = {L42},
    pages = {L42},
      doi = {10.1088/2041-8205/775/2/L42},
   adsurl = {http://adsabs.harvard.edu/abs/2013ApJ...775L..42T},
  adsnote = {Provided by the SAO/NASA Astrophysics Data System}
}

@ARTICLE{libeskindetal2012,
   author = {{Libeskind}, N.~I. and {Hoffman}, Y. and {Knebe}, A. and {Steinmetz}, M. and 
	{Gottl{\"o}ber}, S. and {Metuki}, O. and {Yepes}, G.},
    title = "{The cosmic web and the orientation of angular momenta}",
  journal = {\mnras},
archivePrefix = "arXiv",
   eprint = {1201.3365},
 keywords = {cosmology: theory, dark matter, large-scale structure of Universe},
     year = 2012,
    month = mar,
   volume = 421,
    pages = {L137-L141},
      doi = {10.1111/j.1745-3933.2012.01222.x},
   adsurl = {http://adsabs.harvard.edu/abs/2012MNRAS.421L.137L},
  adsnote = {Provided by the SAO/NASA Astrophysics Data System}
}

@ARTICLE{bettyfrenk2016,
   author = {{Bett}, P.~E. and {Frenk}, C.~S.},
    title = "{Spin flips - II. Evolution of dark matter halo spin orientation, and its correlation with major mergers}",
  journal = {\mnras},
archivePrefix = "arXiv",
   eprint = {1510.01711},
 keywords = {galaxies: evolution, galaxies: haloes, dark matter},
     year = 2016,
    month = sep,
   volume = 461,
    pages = {1338-1355},
      doi = {10.1093/mnras/stw1395},
   adsurl = {http://adsabs.harvard.edu/abs/2016MNRAS.461.1338B},
  adsnote = {Provided by the SAO/NASA Astrophysics Data System}
}

@ARTICLE{laigleetal2015,
   author = {{Laigle}, C. and {Pichon}, C. and {Codis}, S. and {Dubois}, Y. and 
	{Le Borgne}, D. and {Pogosyan}, D. and {Devriendt}, J. and {Peirani}, S. and 
	{Prunet}, S. and {Rouberol}, S. and {Slyz}, A. and {Sousbie}, T.
	},
    title = "{Swirling around filaments: are large-scale structure vortices spinning up dark haloes?}",
  journal = {\mnras},
archivePrefix = "arXiv",
   eprint = {1310.3801},
 keywords = {methods: numerical, galaxies: formation, galaxies: haloes, large-scale structure of Universe},
     year = 2015,
    month = jan,
   volume = 446,
    pages = {2744-2759},
      doi = {10.1093/mnras/stu2289},
   adsurl = {http://adsabs.harvard.edu/abs/2015MNRAS.446.2744L},
  adsnote = {Provided by the SAO/NASA Astrophysics Data System}
}

@ARTICLE{zhengetal2005,
   author = {{Zheng}, Z. and {Berlind}, A.~A. and {Weinberg}, D.~H. and {Benson}, A.~J. and 
	{Baugh}, C.~M. and {Cole}, S. and {Dav{\'e}}, R. and {Frenk}, C.~S. and 
	{Katz}, N. and {Lacey}, C.~G.},
    title = "{Theoretical Models of the Halo Occupation Distribution: Separating Central and Satellite Galaxies}",
  journal = {\apj},
   eprint = {astro-ph/0408564},
 keywords = {Cosmology: Theory, Galaxies: Formation, Galaxies: Halos, Cosmology: Large-Scale Structure of Universe},
     year = 2005,
    month = nov,
   volume = 633,
    pages = {791-809},
      doi = {10.1086/466510},
   adsurl = {http://adsabs.harvard.edu/abs/2005ApJ...633..791Z},
  adsnote = {Provided by the SAO/NASA Astrophysics Data System}
}

@ARTICLE{plankcollaboration2018,
   author = {{Planck Collaboration} and {Aghanim}, N. and {Akrami}, Y. and 
	{Ashdown}, M. and {Aumont}, J. and {Baccigalupi}, C. and {Ballardini}, M. and 
	{Banday}, A.~J. and {Barreiro}, R.~B. and {Bartolo}, N. and 
	{Basak}, S. and {Battye}, R. and {Benabed}, K. and {Bernard}, J.-P. and 
	{Bersanelli}, M. and {Bielewicz}, P. and {Bock}, J.~J. and {Bond}, J.~R. and 
	{Borrill}, J. and {Bouchet}, F.~R. and {Boulanger}, F. and {Bucher}, M. and 
	{Burigana}, C. and {Butler}, R.~C. and {Calabrese}, E. and {Cardoso}, J.-F. and 
	{Carron}, J. and {Challinor}, A. and {Chiang}, H.~C. and {Chluba}, J. and 
	{Colombo}, L.~P.~L. and {Combet}, C. and {Contreras}, D. and 
	{Crill}, B.~P. and {Cuttaia}, F. and {de Bernardis}, P. and 
	{de Zotti}, G. and {Delabrouille}, J. and {Delouis}, J.-M. and 
	{Di Valentino}, E. and {Diego}, J.~M. and {Dor{\'e}}, O. and 
	{Douspis}, M. and {Ducout}, A. and {Dupac}, X. and {Dusini}, S. and 
	{Efstathiou}, G. and {Elsner}, F. and {En{\ss}lin}, T.~A. and 
	{Eriksen}, H.~K. and {Fantaye}, Y. and {Farhang}, M. and {Fergusson}, J. and 
	{Fernandez-Cobos}, R. and {Finelli}, F. and {Forastieri}, F. and 
	{Frailis}, M. and {Franceschi}, E. and {Frolov}, A. and {Galeotta}, S. and 
	{Galli}, S. and {Ganga}, K. and {G{\'e}nova-Santos}, R.~T. and 
	{Gerbino}, M. and {Ghosh}, T. and {Gonz{\'a}lez-Nuevo}, J. and 
	{G{\'o}rski}, K.~M. and {Gratton}, S. and {Gruppuso}, A. and 
	{Gudmundsson}, J.~E. and {Hamann}, J. and {Handley}, W. and 
	{Herranz}, D. and {Hivon}, E. and {Huang}, Z. and {Jaffe}, A.~H. and 
	{Jones}, W.~C. and {Karakci}, A. and {Keih{\"a}nen}, E. and 
	{Keskitalo}, R. and {Kiiveri}, K. and {Kim}, J. and {Kisner}, T.~S. and 
	{Knox}, L. and {Krachmalnicoff}, N. and {Kunz}, M. and {Kurki-Suonio}, H. and 
	{Lagache}, G. and {Lamarre}, J.-M. and {Lasenby}, A. and {Lattanzi}, M. and 
	{Lawrence}, C.~R. and {Le Jeune}, M. and {Lemos}, P. and {Lesgourgues}, J. and 
	{Levrier}, F. and {Lewis}, A. and {Liguori}, M. and {Lilje}, P.~B. and 
	{Lilley}, M. and {Lindholm}, V. and {L{\'o}pez-Caniego}, M. and 
	{Lubin}, P.~M. and {Ma}, Y.-Z. and {Mac{\'{\i}}as-P{\'e}rez}, J.~F. and 
	{Maggio}, G. and {Maino}, D. and {Mandolesi}, N. and {Mangilli}, A. and 
	{Marcos-Caballero}, A. and {Maris}, M. and {Martin}, P.~G. and 
	{Martinelli}, M. and {Mart{\'{\i}}nez-Gonz{\'a}lez}, E. and 
	{Matarrese}, S. and {Mauri}, N. and {McEwen}, J.~D. and {Meinhold}, P.~R. and 
	{Melchiorri}, A. and {Mennella}, A. and {Migliaccio}, M. and 
	{Millea}, M. and {Mitra}, S. and {Miville-Desch{\^e}nes}, M.-A. and 
	{Molinari}, D. and {Montier}, L. and {Morgante}, G. and {Moss}, A. and 
	{Natoli}, P. and {N{\o}rgaard-Nielsen}, H.~U. and {Pagano}, L. and 
	{Paoletti}, D. and {Partridge}, B. and {Patanchon}, G. and {Peiris}, H.~V. and 
	{Perrotta}, F. and {Pettorino}, V. and {Piacentini}, F. and 
	{Polastri}, L. and {Polenta}, G. and {Puget}, J.-L. and {Rachen}, J.~P. and 
	{Reinecke}, M. and {Remazeilles}, M. and {Renzi}, A. and {Rocha}, G. and 
	{Rosset}, C. and {Roudier}, G. and {Rubi{\~n}o-Mart{\'{\i}}n}, J.~A. and 
	{Ruiz-Granados}, B. and {Salvati}, L. and {Sandri}, M. and {Savelainen}, M. and 
	{Scott}, D. and {Shellard}, E.~P.~S. and {Sirignano}, C. and 
	{Sirri}, G. and {Spencer}, L.~D. and {Sunyaev}, R. and {Suur-Uski}, A.-S. and 
	{Tauber}, J.~A. and {Tavagnacco}, D. and {Tenti}, M. and {Toffolatti}, L. and 
	{Tomasi}, M. and {Trombetti}, T. and {Valenziano}, L. and {Valiviita}, J. and 
	{Van Tent}, B. and {Vibert}, L. and {Vielva}, P. and {Villa}, F. and 
	{Vittorio}, N. and {Wandelt}, B.~D. and {Wehus}, I.~K. and {White}, M. and 
	{White}, S.~D.~M. and {Zacchei}, A. and {Zonca}, A.},
    title = "{Planck 2018 results. VI. Cosmological parameters}",
  journal = {ArXiv e-prints},
archivePrefix = "arXiv",
   eprint = {1807.06209},
 keywords = {Astrophysics - Cosmology and Nongalactic Astrophysics},
     year = 2018,
    month = jul,
   adsurl = {http://adsabs.harvard.edu/abs/2018arXiv180706209P},
  adsnote = {Provided by the SAO/NASA Astrophysics Data System}
}

@ARTICLE{faltenbacherywhite2010,
   author = {{Faltenbacher}, A. and {White}, S.~D.~M.},
    title = "{Assembly Bias and the Dynamical Structure of Dark Matter Halos}",
  journal = {\apj},
archivePrefix = "arXiv",
   eprint = {0909.4302},
 keywords = {cosmology: theory, dark matter, methods: N-body simulations},
     year = 2010,
    month = jan,
   volume = 708,
    pages = {469-473},
      doi = {10.1088/0004-637X/708/1/469},
   adsurl = {http://adsabs.harvard.edu/abs/2010ApJ...708..469F},
  adsnote = {Provided by the SAO/NASA Astrophysics Data System}
}

@ARTICLE{borzyszkowskietal2017,
   author = {{Borzyszkowski}, M. and {Porciani}, C. and {Romano-D{\'{\i}}az}, E. and 
	{Garaldi}, E.},
    title = "{ZOMG - I. How the cosmic web inhibits halo growth and generates assembly bias}",
  journal = {\mnras},
archivePrefix = "arXiv",
   eprint = {1610.04231},
 keywords = {galaxies: haloes, dark matter, large-scale structure of Universe, cosmology: theory},
     year = 2017,
    month = jul,
   volume = 469,
    pages = {594-611},
      doi = {10.1093/mnras/stx873},
   adsurl = {http://adsabs.harvard.edu/abs/2017MNRAS.469..594B},
  adsnote = {Provided by the SAO/NASA Astrophysics Data System}
}

@ARTICLE{garaldietal2018,
   author = {{Garaldi}, E. and {Romano-D{\'{\i}}az}, E. and {Borzyszkowski}, M. and 
	{Porciani}, C.},
    title = "{ZOMG - III. The effect of halo assembly on the satellite population}",
  journal = {\mnras},
archivePrefix = "arXiv",
   eprint = {1707.01108},
 keywords = {galaxies: evolution, galaxies: formation, galaxies: haloes, Local Group, galaxies: structure},
     year = 2018,
    month = jan,
   volume = 473,
    pages = {2234-2250},
      doi = {10.1093/mnras/stx2489},
   adsurl = {http://adsabs.harvard.edu/abs/2018MNRAS.473.2234G},
  adsnote = {Provided by the SAO/NASA Astrophysics Data System}
}

@ARTICLE{gaoywhite2007,
   author = {{Gao}, L. and {White}, S.~D.~M.},
    title = "{Assembly bias in the clustering of dark matter haloes}",
  journal = {\mnras},
   eprint = {astro-ph/0611921},
 keywords = {methods: N-body simulations, methods: numerical, galaxies: haloes, galaxies: clustering, dark matter},
     year = 2007,
    month = apr,
   volume = 377,
    pages = {L5-L9},
      doi = {10.1111/j.1745-3933.2007.00292.x},
   adsurl = {http://adsabs.harvard.edu/abs/2007MNRAS.377L...5G},
  adsnote = {Provided by the SAO/NASA Astrophysics Data System}
}



